@book{Elaine2015,
  author = {Patrick, Elaine},
  title = {Next-Generation DNA Sequencing Informatics, Second Edition},
  year = {2015}, 
  publisher = {CRC Press},
  isbn = {1621821234},
  keywords = {book}
}

@book{Lavanya2021,
  author = {Rishishwar, Lavanya and Bhattacharya, Anirban},
  title = {Next Generation Sequencing and Data Analysis},
  year = {2021},
  publisher = {Springer},
  isbn = {3030624897},
  keywords = {book}
}

@book{Wang2017,
  author = {Xinkun Wang},
  title = {Next Generation Sequencing Data Analysis},
  year = {2017},
  publisher = {CRC Press},
  isbn = {1482217880},
  keywords = {book}
}

@book{Jones2004,
  author = {Neil C. Jones and Pavel A. Pevzner},
  title = {Introduction to Bioinformatics Algorithms},
  year = {2004},
  publisher = {MIT Press},
  isbn = {0262101068},
  keywords = {book}
}

@book{Sewe2022,
  author = {Sewe S.O. and Silva G. and Sicat P. and Seal S.E. and Visendi P.},
  title = {Trimming and Validation of Illumina Short Reads Using Trimmomatic, Trinity Assembly, and Assessment of RNA-Seq Data},
  year = {2022}, 
  publisher = {Humana, New York, NY},
  isbn = {978-1-0716-2066-3},
  keywords = {book}
}

@book{Watson2013,
  author = {James D. Watson and Tania A. Baker and Stephen P. Bell},
  title = {Molecular Biology of the Gene},
  year = {2013}, 
  publisher = {Benjamin-Cummings},
  isbn = {978-0321762436},
  keywords = {book}
}

@book{Lewin2007,
  author = {Benjamin Lewin},
  title = {Genes IX},
  year = {2007}, 
  publisher = {Jones and Bartlett Publishers, Inc},
  isbn = {978-0763752224},
  keywords = {book}
}

@book{Brown2013,
  author = {Stuart M. Brown},
  title = {Next-Generation DNA Sequencing Informatics},
  year = {2013}, 
  publisher = {Cold Spring Harbor Laboratory Press,U.S.},
  isbn = {978-1621821236},
  keywords = {book}
}

@book{Valencia2013,
  author = {C. Alexander Alexander Valencia and M. Ali Pervaiz and Ammar Husami and Yaping Qian and Kejian Zhang},
  title = {Next Generation Sequencing Technologies in Medical Genetics},
  year = {2013}, 
  publisher = {Springer},
  isbn = {978-1461490319},
  keywords = {book}
}

@online{Liao2020,
  author={Liao, Xingyu and Li, Min and Zou, You and Wu, Fang-Xiang and Pan, Yi and Wang, Jianxin},
  journal={IEEE/ACM Transactions on Computational Biology and Bioinformatics}, 
  title={An Efficient Trimming Algorithm based on Multi-Feature Fusion Scoring Model for NGS Data}, 
  year={2020},
  volume={17},
  number={3},
  pages={728-738},
  keywords={online}
}

@online{Wagner2021,
  author = {Wagner, Darlene D. and Carleton, Heather A. and Trees, Eija and Katz, Lee S.},
  title = {Evaluating whole-genome sequencing quality metrics for enteric pathogen outbreaks},
  journal = {PeerJ},
  volume = {9},
  year = {2021},
  doi = {10.7717/peerj.12446},
  url = {https://peerj.com/articles/12446/},
  keywords = {online}
}

@online{Yang2019,
  author = {Yang, Shang-Fang and Lu, Chia-Wei and Yao, Cheng-Te and Hung, Chih-Ming},
  title = {To Trim or Not to Trim: Effects of Read Trimming on the De Novo Genome Assembly of a Widespread East Asian Passerine, the Rufous-Capped Babbler (Cyanoderma ruficeps Blyth)},
  journal = {Genes},
  volume = {10},
  number = {10},
  pages = {737},
  year = {2019},
  doi = {10.3390/genes10100737},
  url = {https://www.mdpi.com/2073-4425/10/10/737},
  keywords = {online}
}

@online{Heupink2021,
  title={Comprehensive and accurate genetic variant identification from contaminated and low-coverage Mycobacterium tuberculosis whole genome sequencing data},
  author={Heupink, Tim H. and Verboven, Lennert and Warren, Robin M. and Van Rie, Annelies},
  journal={Microbial Genomics},
  volume={7},
  issue={11},
  year={2021},
  publisher={Microbiology Society},
  doi={10.1099/mgen.0.000689},
  keywords = {online}
}

@online{Netikul2022,
  title={Whole-genome single nucleotide variant phylogenetic analysis of Mycobacterium tuberculosis Lineage 1 in endemic regions of Asia and Africa},
  author={Netikul, Thidarat and Thawornwattana, Yuttapong and Mahasirimongkol, Surakameth and Yanai, Hideki and Maung, Htet Myat Win and Chongsuvivatwong, Virasakdi and Palittapongarnpim, Prasit},
  journal={Scientific Reports},
  volume={12},
  number={1565},
  year={2022},
  publisher={Nature Publishing Group},
  doi={10.1038/s41598-022-05524-0},
  keywords = {online}
}

@online{SanchezCorrales2021,
  title={Phylogenomic analysis and Mycobacterium tuberculosis antibiotic resistance prediction by whole-genome sequencing from clinical isolates of Caldas, Colombia},
  author={Sanchez-Corrales, Lusayda and Tovar-Aguirre, Olga Lucia and Galeano-Vanegas, Narmer Fernando},
  journal={PLoS ONE},
  volume={16},
  number={10},
  pages={e0258402},
  year={2021},
  publisher={Public Library of Science},
  doi={10.1371/journal.pone.0258402},
  keywords = {online}
}

@online{Fabbro2013,
  title={An extensive evaluation of read trimming effects on Illumina NGS data analysis},
  author={Del Fabbro, C. and Scalabrin, S. and Morgante, M. and Giorgi, F. M.},
  journal={PLoS One},
  volume={8},
  number={12},
  pages={e85024},
  year={2013},
  publisher={Public Library of Science},
  doi={10.1371/journal.pone.0085024},
  keywords = {online}
}

@online{Sturm2016,
  title={SeqPurge: highly-sensitive adapter trimming for paired-end NGS data},
  author={Sturm, Marc and Schroeder, Christa and Bauer, Peter},
  journal={BMC Bioinformatics},
  volume={17},
  number={1},
  pages={1--7},
  year={2016},
  publisher={BioMed Central},
  doi={10.1186/s12859-016-1069-7},
  keywords = {online}
}

@online{quast,
  author = {A.B. Lab},
  title = {QUAST: Quality Assessment Tool for Genome Assemblies},
  year = {2022}, 
  url = {https://github.com/ablab/quast},
  note = {GitHub repository},
  keywords = {online}
}

@online{fastp,
  author = {OpenGene},
  title = {Fastp: An Ultra-fast All-in-one FASTQ Preprocessor},
  year = {2023},
  url = {https://github.com/OpenGene/fastp},
  note = {GitHub repository},
  keywords = {online}
}

@online{spades,
  author = {A.B. Lab},
  title = {SPAdes: St. Petersburg genome assembler},
  year = {2022}, 
  url = {https://github.com/ablab/spades},
  note = {GitHub repository},
  keywords = {online}
}

@online{nextflow,
  author = {Nextflow Team},
  title = {Nextflow: Data-driven computational pipelines},
  year = {2024},   
  url = {https://github.com/nextflow-io/nextflow},
  note = {GitHub repository},
  keywords = {online}
}

@online{notebook,
  author = {Project Jupyter Contributors},
  title = {Jupyter Interactive Notebook},
  year = {2024},
  url = {https://github.com/jupyter/notebook},
  note = {GitHub repository},
  keywords = {online}
}

@online{numpy,
  author = {NumPy Contributors},
  title = {NumPy: The fundamental package for scientific computing with Python},
  year = {2024},
  url = {https://github.com/numpy/numpy},
  note = {GitHub repository},
  keywords = {online}
}

@online{pandas,
  author = {Pandas Development Team},
  title = {Pandas: Flexible and Powerful Data Analysis / Manipulation Library for Python},
  year = {2024},
  url = {https://github.com/pandas-dev/pandas},
  note = {GitHub repository},
  keywords = {online}
}

@online{matplotlib,
  author = {Matplotlib Contributors},
  title = {Matplotlib: Plotting with Python},
  year = {2024},
  url = {https://github.com/matplotlib/matplotlib},
  note = {GitHub repository},
  keywords = {online}
}

@online{seaborn,
  author = {Seaborn Contributors},
  title = {Seaborn: Statistical Data Visualization in Python},
  year = {2024},
  url = {https://github.com/mwaskom/seaborn},
  note = {GitHub repository},
  keywords = {online}
}

@online{plotly,
  author = {Plotly Contributors},
  title = {Plotly: Data Visualization in Python},
  year = {2024},
  url = {https://github.com/plotly},
  note = {GitHub repository},
  keywords = {online}
}

@online{Kemal2018,
  author = {Kemal J. and Sibhat B. and Abraham},
  title = {Bovine tuberculosis in eastern Ethiopia: prevalence, risk factors and its public health importance},
  year = {2018},
  publisher={Springer Nature},
  doi={https://doi.org/10.1186/s12879-018-3628-1},
  keywords = {online}
}

@online{Vishwasrao2017,
  author = {M. D. Vishwasrao and A. K. Sangaiah},
  title = {ESCAPE: Effective Scalable Clustering Approach for Parallel Execution of Continuous Position-Based Queries in Position Monitoring Applications},
  year = {2017},
  publisher={IEEE},
  doi={10.1109/TSUSC.2017.2690378},
  keywords = {online}
}

@book{Buffalo2015,
  author = {Vince Buffalo},
  title = {Bioinformatics Data Skills: Reproducible and Robust Research With Open Source Tools},
  year = {2015}, 
  publisher = {O'Reilly Media},
  isbn = {978-1449367374},
  keywords = {book}
}

@book{Chen2007,
  author = {Chun-houh Chen and Wolfgang Karl Haerdle and Antony Unwin},
  title = {Handbook of Data Visualization},
  year = {2007}, 
  publisher = {Springer},
  isbn = {978-3540330363},
  keywords = {book}
}

@online{Wang2022,
  author = {Peng Wang and Fei Wang},
  title = {A proposed metric set for evaluation of genome assembly quality},
  year = {2022},
  publisher={Elsevier},
  journal={Trends in Genetics},
  doi={https://doi.org/10.1016/j.tig.2022.10.005},
  keywords = {online}
}

@online{NHGRI2024-DNA,
	author  = {National Human Genome Research Institute},
	title   = {A schematic representation of the DNA double helix structure along with detailed chemical structures of its components},
	urlseen = {2024-31-01},
	url     = {https://www.genome.gov/genetics-glossary/Deoxyribonucleic-Acid},
	keywords = {image}
}

@online{NHGRI2024-Code,
	author  = {National Human Genome Research Institute},
	title   = {Genetic-Code - refers to the instructions contained in a gene that tell a cell how to make a specific protein},
	urlseen = {2024-24-01},
	url     = {https://www.genome.gov/genetics-glossary/Genetic-Code},
	keywords = {image}
}

@online{Illumina2017-PE,
	author  = {Illumina, Inc.},
	title   = {Paired-End Sequencing and Alignment},
	urlseen = {2017},
	url     = {https://emea.illumina.com/content/dam/illumina-marketing/documents/products/illumina_sequencing_introduction.pdf},
	keywords = {image}
}

@online{Illumina2017-LP,
	author  = {Illumina, Inc.},
	title   = {LibraryPreparation - prepared by random fragmentation of the DNA or cDNA sample},
	urlseen = {2017},
	url     = {https://emea.illumina.com/content/dam/illumina-marketing/documents/products/illumina_sequencing_introduction.pdf},
	keywords = {image}
}

@online{Illumina2017-CA,
	author  = {Illumina, Inc.},
	title   = {Cluster Generation - the library is loaded into a flow cell where fragments are captured on a lawn of surface-bound oligos},
	urlseen = {2017},
	url     = {https://emea.illumina.com/content/dam/illumina-marketing/documents/products/illumina_sequencing_introduction.pdf},
	keywords = {image}
}

@online{Illumina2017-S,
	author  = {Illumina, Inc.},
	title   = {Sequencing - the result is highly accurate base-by-base sequencing},
	urlseen = {2017},
	url     = {https://emea.illumina.com/content/dam/illumina-marketing/documents/products/illumina_sequencing_introduction.pdf},
	keywords = {image}
}

@online{Illumina2017-ADA,
	author  = {Illumina, Inc.},
	title   = {Alignment and Data Analysis - during data analysis and alignment, the newly identified sequence reads are aligned to a reference genome},
	urlseen = {2017},
	url     = {https://emea.illumina.com/content/dam/illumina-marketing/documents/products/illumina_sequencing_introduction.pdf},
	keywords = {image}
}


